@article{Gonzalez-Marquez2024,
  author = {González-Márquez, R. and Schmidt, L. and Schmidt, B. M. and Berens, P. and Kobak, D.},
  title = {The landscape of biomedical research},
  journal = {Patterns (N Y)},
  year = {2024},
  volume = {5},
  number = {6},
  pages = {100968},
  month = {Apr},
  doi = {10.1016/j.patter.2024.100968}
}

@article{Simon2024,
  author = {Simon, E. and Swanson, K. and Zou, J.},
  title = {Language models for biological research: a primer},
  journal = {Nat Methods},
  year = {2024},
  volume = {21},
  pages = {1422--1429},
  doi = {10.1038/s41592-024-02354-y}
}

@article{Grootendorst2022,
  author = {Grootendorst, M.},
  title = {{BERTopic: Neural topic modeling with a class-based TF-IDF procedure}},
  journal = {arXiv preprint arXiv:2203.05794},
  year = {2022},
  month = {Mar},
  day = {11},
  doi = {10.48550/arXiv.2203.05794}
}

@article{Angelov2020,
  author = {Angelov, D.},
  title = {{Top2Vec: Distributed Representations of Topics}},
  journal = {arXiv preprint arXiv:2008.09470},
  year = {2020},
  month = {Aug},
  day = {19},
  doi = {10.48550/arXiv.2008.09470}
}

@misc{BAAI2023,
  author = {{BAAI}},
  title = {{bge-small-en-v1.5}},
  howpublished = {\url{https://huggingface.co/BAAI/bge-small-en-v1.5}},
  year = {2023},
  note = {{Hugging Face}}
}

@article{vanderMaaten2008,
  author = {van der Maaten, L. and Hinton, G.},
  title = {{Visualizing data using t-SNE}},
  journal = {J Mach Learn Res},
  year = {2008},
  volume = {9},
  pages = {2579--2605},
  doi = {10.1007/s10994-008-5078-3}
}

@article{McInnes2017,
  author = {McInnes, L. and Healy, J. and Astels, S.},
  title = {{hdbscan: Hierarchical density based clustering}},
  journal = {Journal of Open Source Software},
  year = {2017},
  volume = {2},
  number = {11},
  pages = {205},
  doi = {10.21105/joss.00205}
}